@misc{hauptSociety,
author={{Haupt, Michael}},
title={Society 4.0: The evolutionary journey to humanity's next transition}, 
url={https://medium.com/society4/evolution-of-societies-93a5f0f9b31}, 
urldate = {2023-01-20}
} 

@BOOK{Dietel2014,
AUTHOR = {{Dietel, Harvey M.; Deitel, Barbara}},
YEAR = {2014},
TITLE = {An Introduction to Information Processing},
PUBLISHER = {Academic Press},
ADDRESS = {Amsterdam, Boston},
}

@book{castells_2012,
author={{Castells, Manuel}},
place={Malden, MA}, 
title={The rise of the network society: Second edition, with a new preface},
publisher={Wiley-Blackwell}, 
year={2012}
} 

@misc{berger,
author = {{Berger, Emery}},
title={Performance Matters},
year = {2019},
note= {Strange Loop Conference},
URL= {https://www.thestrangeloop.com/2019/performance-matters.html},
urldate = {2023-02-18}
}

@www{semiDennard,
title={Dennard's law},
url={https://semiengineering.com/knowledge_centers/standards-laws/laws/dennards-law/},
journal={Semiconductor Engineering}, 
urldate = {2023-02-18}
} 

@book{masterembedded,
author={{Simmonds, Chris}},
place={Birmingham, Mumbai},
edition={2},
title={Mastering embedded linux programming: Unleash the full potential of embedded linux},
publisher={Packt},
year={2017}
} 

@www{timemarket,
author={{Reedy, Scott}}, 
title={Improving the time to release products: Speeding Time to market (TTM)}, 
url={https://www.arenasolutions.com/resources/articles/time-to-market/}, 
journal={Arena}, 
urldate = {2023-01-24}
} 

@Book{threeeasy,
author = {{Arpaci-Dusseau, Remzi H.; Arpaci-Dusseau, Andrea C.}},
title = {Operating Systems: Three Easy Pieces},
publisher = {Arpaci-Dusseau Books},
month = {8},
year = {2018},
}

@book{tanenbaum,
author={{Tanenbaum, Andrew S.}},
place={Upper Saddle River},
title={Modern Operating Systems},
publisher={Pearson Prentice Hall}, 
year={2015}
} 

@misc{pic:singlepage,
author = {{Ingalls, Robert P.}},
year = {2004},
urldate = {2023-01-26},
url = {https://www.cs.rpi.edu/academics/courses/fall04/os/c12/pages.gif},
keyword={pic}
}

@misc{pic:singlephysical,
author = {{Ingalls, Robert P.}},
year = {2004},
urldate = {2023-01-26},
url = {https://www.cs.rpi.edu/academics/courses/fall04/os/c12/pages2.gif},
keyword={pic}
}

@misc{pic:memop,
author = {{Ingalls, Robert P.}},
year = {2004},
urldate = {2023-01-26},
url = {https://www.cs.rpi.edu/academics/courses/fall04/os/c12/mem_op.gif},
keyword={pic}
}

@book{quantivapproach-ApL, 
author={{Bhattacharjee, Abhishek}},
publisher={Morgan Kaufmann Publishers}, 
title={Computer Architecture: A quantitative approach. Appendix L: Advanced Concepts on Address Translation},
place={Cambridge, MA}, 
edition={10},
year={2018},
} 

@book{binanal,
author={{Andriesse, Dennis}},
place={San Francisco},
title={Practical binary analysis : build your own Linux tools for binary instrumentation, analysis, and disassembly},
publisher={No Starch Press},
year={2019}
} 

@book{linkload,
place={San Francisco, CA},
title={Linkers and Loaders},
publisher={Morgan Kaufmann},
author={{Levine, John R.}},
year={1999},
edition={2.2}
} 

@article{pmushort,
author={{Sprunt, Brinkley}},
journal={IEEE Micro}, 
title={The basics of performance-monitoring hardware}, 
year={2002},
volume={22},
number={4},
pages={64-71},
}

@book{brendan,
author={{Gregg, Brendan}}, 
place={Hoboken, NJ},
title={Systems performance: Enterprise and the cloud},
publisher={Pearson Education, Inc.},
year={2021},
edition={2}
} 

@www{lwnrandom, 
author={{Edge, Jake}},
title={Randomizing the kernel},
url={https://lwn.net/Articles/546686/},
urldate = {2023-01-28}
} 

@www{fgkaslrartical, 
author={{Larabel, Michael}},
title={FGKASLR Patches Revised A 10th Time For Improving Linux Kernel Security},
url={https://www.phoronix.com/news/FGKASLR-Linux-v10},
urldate = {2023-01-31}
} 

@www{fgkaslrpatch, 
author={{Accardi, Kristen Carlson; Lobakin, Alexander}},
title={[PATCH v10 00/15] Function Granular KASLR},
url={https://lore.kernel.org/all/20220209185752.1226407-1-alexandr.lobakin@intel.com},
urldate = {2023-01-31}
} 

@book{patmc,
author={{Bakhvalov, Denis}},
title={Performance Analysis and tuning on modern CPUs},
url={https://faculty.cs.niu.edu/~winans/notes/patmc.pdf},
year={2020}
}

@article{memwall,
author = {{Wulf, Wm. A.; McKee, Sally A.}},
title = {Hitting the Memory Wall: Implications of the Obvious},
year = {1995},
publisher = {Association for Computing Machinery},
address = {New York, NY, USA},
volume = {23},
journal = {SIGARCH Comput. Archit. News},
month = {3},
pages = {20–24},
}

@book{computerarch,
author={{Stallings, William; Zeno, Peter; Jesshope, C. R.}},
place={Harlow, Essex},
edition={10},
title={Computer Organization and Architecture: Designing for performance},
publisher={Pearson Education Limited},
year={2016}
}

@book{quantivapproach-ApB, 
author={{Hennessy, John L.; Patterson, David A.}},
publisher={Morgan Kaufmann Publishers}, 
title={Computer Architecture: A quantitative approach. Appendix B: Review of Memory Hierarchy},
place={Cambridge, MA}, 
edition={10},
year={2018},
} 

@book{quantivapproach, 
author={{Hennessy, John L.; Patterson, David A.}},
publisher={Morgan Kaufmann Publishers}, 
title={Computer Architecture: A quantitative approach},
edition={10},
place={Cambridge, MA}, 
year={2018},
} 

@article{virtual-memory,
author = {{Denning, Peter J.}},
title = {Virtual Memory},
year = {1970},
publisher = {Association for Computing Machinery},
address = {New York, NY, USA},
volume = {2},
number = {3},
journal = {ACM Comput. Surv.},
month = {9},
pages = {153–189}
}

@book{graphintro,
author={{Chartrand, Gary}},
title={Introduction graph theory},
publisher={Dover Publications},
year={1985}
} 

@article{nphard,
author = {{Petrank, Erez; Rawitz, Dror}},
title = {The Hardness of Cache Conscious Data Placement},
year = {2002},
issue_date = {Jan. 2002},
publisher = {Association for Computing Machinery},
address = {New York, NY, USA},
volume = {37},
number = {1},
journal = {SIGPLAN Not.},
month = {1},
pages = {101–112},
numpages = {12},
}

@inproceedings{hfsort,
author = {{Ottoni, Guilherme; Maher, Bertrand}},
title = {Optimizing Function Placement for Large-Scale Data-Center Applications},
year = {2017},
publisher = {IEEE Press},
pages = {233–244},
numpages = {12},
location = {Austin, USA},
series = {CGO '17}
}

@inproceedings{codestitcher,
author = {{Lavaee, Rahman; Criswell, John; Ding, Chen}},
title = {Codestitcher: Inter-Procedural Basic Block Layout Optimization},
year = {2019},
publisher = {Association for Computing Machinery},
address = {New York, NY, USA},
pages = {65–75},
numpages = {11},
location = {Washington, DC, USA},
series = {CC 2019}
}

@inproceedings{bolt,
author = {{Panchenko, Maksim; Auler, Rafael;  Nell, Bill; Ottoni, Guilherme}},
title = {BOLT: A Practical Binary Optimizer for Data Centers and Beyond},
year = {2019},
publisher = {IEEE Press},
pages = {2–14},
numpages = {13},
location = {Washington, DC, USA},
series = {CGO 2019}
}

@www{intelpgo,
title={Profile-Guided Optimization (PGO)},
url={https://www.intel.com/content/www/us/en/docs/cpp-compiler/developer-guide-reference/2021-9/profile-guided-optimization.html},
urldate = {2023-04-06}
}

@article{phheuristic,
author = {{Pettis, Karl; Hansen, Robert C.}},
title = {Profile Guided Code Positioning},
year = {1990},
issue_date = {Jun. 1990},
publisher = {Association for Computing Machinery},
address = {New York, NY, USA},
volume = {25},
number = {6},
journal = {SIGPLAN Not.},
month = {6},
pages = {16–27},
numpages = {12}
}

@www{anticodestitcher,
author={{Garg, Eashan; Mekkat, Gautam}},
title={The CS 6120 Course Blog - Codestitcher: Inter-procedural basic block layout optimization},
url={https://www.cs.cornell.edu/courses/cs6120/2019fa/blog/codestitcher/},
urldate = {2023-04-08},
} 

@www{bolt-in-llvm,
author={{Larabel, Michael}},
title={Bolt merged into LLVM to optimize binaries for faster performance},
url={https://www.phoronix.com/news/LLVM-Lands-BOLT},
urldate = {2023-04-08},
} 

@www{lca-gcc-plugin,
author={{Corbet, Jonathan}},
title={LCA: Static Analysis with GCC plugins},
url={https://lwn.net/Articles/370717/}, 
urldate = {2023-04-08},
} 

@book{staticanalyze,
AUTHOR = {{Rival, Xavier; Yi, Kwangkeun}},
YEAR = {2020},
TITLE = {Introduction to Static Analysis - An Abstract Interpretation Perspective},
PUBLISHER = {MIT Press},
ADDRESS = {Cambridge},
}

@book{malware, 
author={{Sikorski, Michael; Honig, Andrew}},
title={Practical malware analysis: The hands-on guide to dissecting malicious software}, 
place={San Francisco},
publisher={No Starch Press},  
year={2012}
} 

@inproceedings{wrong-data,
author = {{Mytkowicz, Todd; Diwan, Amer; Hauswirth, Matthias; Sweeney, Peter F.}},
title = {Producing Wrong Data without Doing Anything Obviously Wrong!},
year = {2009},
publisher = {Association for Computing Machinery},
address = {New York, NY, USA},
pages = {265–276},
numpages = {12},
location = {Washington, DC, USA},
series = {ASPLOS XIV}
}

@article{concept-dynamic,
author = {{Ball, Thoms}},
title = {The Concept of Dynamic Analysis},
year = {1999},
issue_date = {Nov. 1999},
publisher = {Association for Computing Machinery},
address = {New York, NY, USA},
volume = {24},
number = {6},
journal = {SIGSOFT Softw. Eng. Notes},
month = {10},
pages = {216–234},
numpages = {19}
}

@inproceedings{propeller,
author = {{Shen, Han; Pszeniczny, Krzysztof; Lavaee, Rahman; Kumar, Snehasish; Tallam, Sriraman; Li, Xinliang David}},
title = {Propeller: A Profile Guided, Relinking Optimizer for Warehouse-Scale Applications},
year = {2023},
publisher = {Association for Computing Machinery},
address = {New York, NY, USA},
pages = {617–631},
numpages = {15},
location = {Vancouver, BC, Canada},
series = {ASPLOS 2023}
}

@www{bolt-kernel,
author={{Larabel, Michael}},
title={Facebook Has Been Working On BOLT'ing The Linux Kernel For Greater Performance},
url={https://www.phoronix.com/news/Facebook-BOLTing-The-Kernel},
urldate = {2023-04-09},
} 

@www{how-counters-work,
author={{Bakhvalov, Denis}},
title={PMU counters and profiling basics.},
url={https://easyperf.net/blog/2018/06/01/PMU-counters-and-profiling-basics},
urldate = {2023-04-12},
} 

@www{np-hard-explained,
title={P, NP, NP-complete and NP-hard problems in computer science}, url={https://www.baeldung.com/cs/p-np-np-complete-np-hard},
urldate = {2023-04-15}
} 

@www{cpuinfo,
author={Shvets, Gennadiy},
title={Intel Core i3-6100U Mobile processor}, 
url={https://www.cpu-world.com/CPUs/Core_i3/Intel-Core%20i3-6100U%20Mobile%20processor.html},
urldate = {2023-04-18}
} 

@www{skylake_events,
title={6th Generation Intel Core Processor - Skylake Client}, 
url={https://perfmon-events.intel.com/skylake.html},
urldate = {2023-04-20}
} 

@misc{github,
author={antgres},
title={itlb-pressure}, 
year = {2023},
url={https://github.com/antgres/itlb-pressure},
urldate = {2023-04-26},
note={{[Software]. GitHub.}}
} 

@misc{llvm-propeller,
author={google},
title={llvm-propeller},
year = {2022},
url={https://github.com/google/llvm-propeller},
urldate = {2023-04-26},
note={{(Version 44afe2a53ff2f7e513fa5b4291dd1160b338dd81) [Software]. GitHub.}}
} 

@misc{llvm-bolt,
author={llvm},
title={llvm-project},
year = {},
url={https://github.com/llvm/llvm-project/tree/main/bolt},
urldate = {2023-04-26},
note={{(Version 96f6ec5090c2f7a1e4804693cbb84c29c574b3de) [Software]. GitHub.}}
} 

@misc{hhvm,
author={facebook},
title={hhvm},
year = {},
url={https://github.com/facebook/hhvm},
urldate = {2023-04-20},
note={{[Software]. GitHub.}}
}

@misc{tlbstat,
author={brendangregg},
title={pmc-cloud-tools },
year = {},
url={https://github.com/brendangregg/pmc-cloud-tools},
urldate = {2023-04-20},
note={{[Software]. GitHub.}}
}

@misc{man-perf-record,
author={torvalds},
title={linux},
year = {},
url={https://github.com/torvalds/linux},
urldate = {2023-04-23},
note={{(Version d20aff1512f013fab79b8740427b7574569a9a2e) [Software]. GitHub.}}
}

@www{intel_opt_runtime,
author={{Srinivas, Suresh; Taylor, Deborah; C. Pawar, Uttam; Aribuki, Ayodunni; Schulhof, Gabriel}},
title={Runtime Performance Optimization Blueprint: Intel Architecture Optimization with Large Code Pages}, 
url={https://www.intel.com/content/www/us/en/developer/articles/technical/runtime-performance-optimization-blueprint-intel-architecture-optimization-with-large-code.html},
urldate = {2023-04-20}
} 

@www{kernel_pgo,
author={{Corbet, Jonathan}},
title={Profile-guided optimization for the kernel}, 
url={https://lwn.net/Articles/830300/},
urldate = {2023-04-20}
} 

@www{intel_retired,
title={Intel VTune Profiler User Guide - Instructions Retired Event}, 
url={https://www.intel.com/content/www/us/en/docs/vtune-profiler/user-guide/2023-1/instructions-retired-event.html},
urldate = {2023-04-23}
} 

@www{lwn-lbr,
author={{Kleen, Andi}},
title={An introduction to last branch records}, 
url={https://lwn.net/Articles/680985/},
urldate = {2023-04-23}
} 

@www{easyperf-lbr,
author={{Bakhvalov, Denis}},
title={Estimating branch probability using Intel LBR feature.}, 
url={https://easyperf.net/blog/2019/05/06/Estimating-branch-probability},
urldate = {2023-04-24}
} 

@www{brendan-perf,
author={{Gregg, Brendan}}, 
title={perf Examples}, 
url={https://brendangregg.com/perf.html},
urldate = {2023-04-25}
} 

@www{stack-unwinder,
author={{Brennan, Stephen}}, 
title={Unwinding a Stack by Hand with Frame Pointers and ORC}, 
url={https://blogs.oracle.com/linux/post/unwinding-stack-frame-pointers-and-orc},
urldate = {2023-04-26}
} 

@www{intel_skid,
title={Intel VTune Profiler User Guide - Hardware Event Skid}, 
url={https://www.intel.com/content/www/us/en/docs/vtune-profiler/user-guide/2023-1/hardware-event-skid.html},
urldate = {2023-04-26}
} 

@www{intel_ebs,
title={Intel VTune Profiler User Guide - Hardware Event-based Sampling Collection}, 
url={https://www.intel.com/content/www/us/en/docs/vtune-profiler/user-guide/2023-1/hw-event-based-sampling-collection.html},
urldate = {2023-04-26}
} 

@www{lwn_caches,
author={{Drepper, Ulrich}},
title={Memory part 2: CPU caches}, 
url={https://lwn.net/Articles/252125/},
urldate = {2023-04-26}
} 

@www{lwn_vm,
author={{Drepper, Ulrich}},
title={Memory part 3: Virtual Memory}, 
url={https://lwn.net/Articles/253361/},
urldate = {2023-04-26}
} 

@article{cache_memory,
author = {{Smith, Alan Jay}},
title = {Cache Memories},
year = {1982},
publisher = {Association for Computing Machinery},
address = {New York, NY, USA},
volume = {14},
number = {3},
journal = {ACM Comput. Surv.},
month = {9},
pages = {473–530},
numpages = {58}
}

@www{intel_demistify,
author={{Del Vecchio, Paul}},
title={Demystifying Software Performance Optimization}, 
url={https://www.intel.com/content/www/us/en/developer/articles/technical/demystifying-software-performance-optimization.html},
urldate = {2023-04-26}
} 
